@misc{flows,
      title={Variational Inference with Normalizing Flows}, 
      author={Danilo Jimenez Rezende and Shakir Mohamed},
      year={2016},
      eprint={1505.05770},
      archivePrefix={arXiv},
      primaryClass={stat.ML},
      url={https://arxiv.org/abs/1505.05770}, 
}

@misc{ffjord,
      title={FFJORD: Free-form Continuous Dynamics for Scalable Reversible Generative Models}, 
      author={Will Grathwohl and Ricky T. Q. Chen and Jesse Bettencourt and Ilya Sutskever and David Duvenaud},
      year={2018},
      eprint={1810.01367},
      archivePrefix={arXiv},
      primaryClass={cs.LG},
      url={https://arxiv.org/abs/1810.01367}, 
}

@misc{neuralodes,
      title={Neural Ordinary Differential Equations}, 
      author={Ricky T. Q. Chen and Yulia Rubanova and Jesse Bettencourt and David Duvenaud},
      year={2019},
      eprint={1806.07366},
      archivePrefix={arXiv},
      primaryClass={cs.LG},
      url={https://arxiv.org/abs/1806.07366}, 
}

@misc{blackjax,
      title={BlackJAX: Composable {B}ayesian inference in {JAX}},
      author={Alberto Cabezas and Adrien Corenflos and Junpeng Lao and RÃ©mi Louf},
      year={2024},
      eprint={2402.10797},
      archivePrefix={arXiv},
      primaryClass={cs.MS}
}

@article{equinox,
    author={Patrick Kidger and Cristian Garcia},
    title={{E}quinox: neural networks in {JAX} via callable {P}y{T}rees and filtered transformations},
    year={2021},
    journal={Differentiable Programming workshop at Neural Information Processing Systems 2021}
}

@software{jax2018github,
  author = {James Bradbury and Roy Frostig and Peter Hawkins and Matthew James Johnson and Chris Leary and Dougal Maclaurin and George Necula and Adam Paszke and Jake Vander{P}las and Skye Wanderman-{M}ilne and Qiao Zhang},
  title = {{JAX}: composable transformations of {P}ython+{N}um{P}y programs},
  url = {http://github.com/jax-ml/jax},
  version = {0.3.13},
  year = {2018},
}

@misc{mafs,
      title={Masked Autoregressive Flow for Density Estimation}, 
      author={George Papamakarios and Theo Pavlakou and Iain Murray},
      year={2018},
      eprint={1705.07057},
      archivePrefix={arXiv},
      primaryClass={stat.ML},
      url={https://arxiv.org/abs/1705.07057}, 
}

@software{flowjax,
  title = {FlowJAX: Distributions and Normalizing Flows in Jax},
  author = {Daniel Ward},
  url = {https://github.com/danielward27/flowjax},
  version = {[version number]},
  year = {[release year of version]},
  doi = {10.5281/zenodo.10402073},
}

@misc{flowmatching,
      title={Flow Matching for Generative Modeling}, 
      author={Yaron Lipman and Ricky T. Q. Chen and Heli Ben-Hamu and Maximilian Nickel and Matt Le},
      year={2023},
      eprint={2210.02747},
      archivePrefix={arXiv},
      primaryClass={cs.LG},
      url={https://arxiv.org/abs/2210.02747}, 
}

@inproceedings{optuna,
  title={{O}ptuna: A Next-Generation Hyperparameter Optimization Framework},
  author={Akiba, Takuya and Sano, Shotaro and Yanase, Toshihiko and Ohta, Takeru and Koyama, Masanori},
  booktitle={The 25th ACM SIGKDD International Conference on Knowledge Discovery \& Data Mining},
  pages={2623--2631},
  year={2019}
}