@article{fromer2018,
  title = {Group-Level {{EEG-processing}} Pipeline for Flexible Single Trial-Based Analyses Including Linear Mixed Models},
  author = {Fr{\"o}mer, Romy and Maier, Martin and Abdel Rahman, Rasha},
  year = {2018},
  journal = {Frontiers in Neuroscience},
  volume = {12},
  pages = {48},
  publisher = {{Frontiers}},
  doi = {10.3389/fnins.2018.00048},
  urldate = {2021-11-06}
}

@article{kappenman2021,
  title = {{{ERP CORE}}: {{An}} Open Resource for Human Event-Related Potential Research},
  author = {Kappenman, Emily S. and Farrens, Jaclyn L. and Zhang, Wendy and Stewart, Andrew X. and Luck, Steven J.},
  year = {2021},
  journal = {NeuroImage},
  volume = {225},
  pages = {117465},
  doi = {10.1016/j.neuroimage.2020.117465},
  urldate = {2022-10-04},
  langid = {english}
}
