@ARTICLE{quetschlich2024mqtpredictor,
    AUTHOR      = {N. Quetschlich and L. Burgholzer and R. Wille},
    TITLE       = {{MQT Predictor: Automatic Device Selection with Device-Specific Circuit Compilation for Quantum Computing}},
    YEAR        = {2024},
    JOURNAL     = {ACM Transactions on Quantum Computing (TQC)},
    DOI         = {10.1145/3673241},
    EPRINT      = {2310.06889},
    EPRINTTYPE  = {arxiv},
}

@INPROCEEDINGS{quetschlich2024application_compilation,
    TITLE         = {{Towards Application-Aware Quantum Circuit Compilation}},
    AUTHOR        = {N. Quetschlich and F. J. Kiwit and M. A. Wolf and C. A. Riofrio and A. Luckow and L. Burgholzer and R. Wille},
    BOOKTITLE     = {IEEE International Conference on Quantum Software (QSW)},
    YEAR          = {2024},
    EPRINT        = {2404.12433},
    EPRINTTYPE    = {arXiv},
}

@INPROCEEDINGS{quetschlich2023prediction,
    AUTHOR      = {N. Quetschlich and L. Burgholzer and R. Wille},
    TITLE       = {{Predicting Good Quantum Circuit Compilation Options}},
    BOOKTITLE   = {IEEE International Conference on Quantum Software (QSW)},
    YEAR        = {2023},
    EPRINT      = {2210.08027},
    EPRINTTYPE  = {arxiv},
}

@INPROCEEDINGS{quetschlich2023compileroptimization,
    AUTHOR        = {N. Quetschlich and L. Burgholzer and R. Wille},
    TITLE         = {{Compiler Optimization for Quantum Computing Using Reinforcement Learning}},
    BOOKTITLE     = {{Design Automation Conference (DAC)}},
    YEAR          = {2023},
    EPRINT        = {2212.04508},
    EPRINTTYPE    = {arxiv},
}

@MISC{tomesh2022supermarq,
    TITLE         = {SupermarQ: A Scalable Quantum Benchmark Suite},
    AUTHOR        = {Teague Tomesh and Pranav Gokhale and Victory Omole and Gokul Subramanian Ravi and Kaitlin N. Smith and Joshua Viszlai and Xin-Chuan Wu and Nikos Hardavellas and Margaret R. Martonosi and Frederic T. Chong},
    YEAR          = {2022},
    EPRINT        = {2202.11045},
    EPRINTTYPE    = {arxiv},
}
